@article{online,
original =    "orig/bengio-95.ps.gz",
author = 	"Bengio, Y. and LeCun, Y. and Nohl, C. and Burges, C.",
title = 	"LeRec: A NN/HMM Hybrid for On-Line Handwriting Recognition",
journal =	"Neural Computation",
volume  =       7,
number  =       6,
pages   =       "1289-1303",
month   =       "November",
year =		1995
}

@inproceedings{ digit,
original =    "orig/lecun-95b.ps.gz",
author  =       "LeCun, Y. and Jackel, L. D. and Bottou, L. and Brunot, A. and
		  Cortes, C. and Denker, J. S. and Drucker, H. and
		  Guyon, I. and Muller, U. A. and Sackinger,
		  E. and Simard, P. and Vapnik, V.",
title   =       "Comparison of learning algorithms for handwritten digit recognition",
booktitle=      "International Conference on Artificial Neural Networks",
year    =       "1995",
editor  =       "Fogelman, F. and Gallinari, P.",
publisher=      "EC2 \& Cie",
address =       "Paris",
pages =         "53-60",
}

@Misc{website1,
  author = 	 {{IWFHR Online Tamil Handwritten Character Recognition Competition. 2006.}},
  note = 	 {\url{http://algoval.essex.ac.uk:8080/iwfhr2006/index.jsp?page=results.html}. Accessed 3/2/2015.}
}

@Misc{website2,
  author = 	 {{HP Labs India Indic Handwriting Datasets.}},
  note = 	 {\url{http://lipitk.sourceforge.net/hpl-datasets.htm}. Accessed 3/2/2015.}
}

@InProceedings{ICML2011Courville_591,
  author =    {Aarron Courville and James Bergstra and Yoshua Bengio},
  title =     {Unsupervised Models of Images by Spike-and-Slab RBMs},
  booktitle = {Proceedings of the 28th International Conference on Machine Learning (ICML-11)},
  series =    {ICML '11},
  year =      {2011},
  editor =    {Lise Getoor and Tobias Scheffer},
  location =  {Bellevue, Washington, USA},
  isbn =      {978-1-4503-0619-5},
  month =     {June},
  publisher = {ACM},
  address =   {New York, NY, USA},
  pages=      {1145--1152},
}

@techreport{citeulike:9939642,
    author = {Hinton, Georey},
    journal = {UTML TR 2010-003},
    keywords = {rbm},
    posted-at = {2011-10-23 22:53:52},
    title = {{A Practical Guide to Training Restricted Boltzmann Machines}},
    url = {http://www.cs.toronto.edu/\~{}hinton/absps/guideTR.pdf},
    year = {2010}
}

@incollection{NIPS2012_4824,
title = {ImageNet Classification with Deep Convolutional Neural Networks},
author = {Alex Krizhevsky and Sutskever, Ilya and Geoffrey E. Hinton},
booktitle = {Advances in Neural Information Processing Systems 25},
editor = {F. Pereira and C.J.C. Burges and L. Bottou and K.Q. Weinberger},
pages = {1097--1105},
year = {2012},
publisher = {Curran Associates, Inc.},
url = {http://papers.nips.cc/paper/4824-imagenet-classification-with-deep-convolutional-neural-networks.pdf}
}

@MISC{Bottou_stochasticgradient,
    author = {LÃ©on Bottou},
    title = {Stochastic Gradient Descent Tricks},
}

@Misc{matcon,
  author = 	 {{MatConvNet: CNNs for MATLAB.}},
  note = 	 {\url{http://www.vlfeat.org/matconvnet/}. Accessed 3/1/2015.}
}

@Misc{website3,
  note = {\url{http://algoval.essex.ac.uk:8080/iwfhr2006/index.jsp?page=results.html.}. Accessed 2/28/2015.}
}

@article{arXiv:1412.4564,
     author    = {A. Vedaldi and K. Lenc},
     title     = {MatConvNet -- Convolutional Neural Networks for MATLAB},
     journal   = {CoRR},
     volume    = {abs/1412.4564},
     year      = {2014},
}
